@article{DBLP:journals/corr/HuangG16,
  author       = {Zhiwu Huang and
                  Luc Van Gool},
  title        = {A Riemannian Network for {SPD} Matrix Learning},
  journal      = {CoRR},
  volume       = {abs/1608.04233},
  year         = {2016},
  url          = {http://arxiv.org/abs/1608.04233},
  eprinttype    = {arXiv},
  eprint       = {1608.04233},
  timestamp    = {Mon, 13 Aug 2018 16:47:42 +0200},
  biburl       = {https://dblp.org/rec/journals/corr/HuangG16.bib},
  bibsource    = {dblp computer science bibliography, https://dblp.org}
}

@misc{wang2022dreamnetdeepriemanniannetwork,
      title={DreamNet: A Deep Riemannian Network based on SPD Manifold Learning for Visual Classification}, 
      author={Rui Wang and Xiao-Jun Wu and Ziheng Chen and Tianyang Xu and Josef Kittler},
      year={2022},
      eprint={2206.07967},
      archivePrefix={arXiv},
      primaryClass={cs.CV},
      url={https://arxiv.org/abs/2206.07967}, 
}

@misc{chen2024riemannianmultinomiallogisticsregression,
      title={Riemannian Multinomial Logistics Regression for SPD Neural Networks}, 
      author={Ziheng Chen and Yue Song and Gaowen Liu and Ramana Rao Kompella and Xiaojun Wu and Nicu Sebe},
      year={2024},
      eprint={2305.11288},
      archivePrefix={arXiv},
      primaryClass={cs.LG},
      url={https://arxiv.org/abs/2305.11288}, 
}

@misc{kobler2022spddomainspecificbatchnormalization,
      title={SPD domain-specific batch normalization to crack interpretable unsupervised domain adaptation in EEG}, 
      author={Reinmar J Kobler and Jun-ichiro Hirayama and Qibin Zhao and Motoaki Kawanabe},
      year={2022},
      eprint={2206.01323},
      archivePrefix={arXiv},
      primaryClass={cs.LG},
      url={https://arxiv.org/abs/2206.01323}, 
}

@misc{brooks2019riemannianbatchnormalizationspd,
      title={Riemannian batch normalization for SPD neural networks}, 
      author={Daniel Brooks and Olivier Schwander and Frederic Barbaresco and Jean-Yves Schneider and Matthieu Cord},
      year={2019},
      eprint={1909.02414},
      archivePrefix={arXiv},
      primaryClass={cs.LG},
      url={https://arxiv.org/abs/1909.02414}, 
}

@INPROCEEDINGS{10651149,
  author={Cai, Zhenyu and Wang, Rui and Xu, Tianyang and Wu, Xiaojun and Kittler, Josef},
  booktitle={2024 International Joint Conference on Neural Networks (IJCNN)}, 
  title={A Riemannian Residual Learning Mechanism for SPD Network}, 
  year={2024},
  volume={},
  number={},
  pages={1-9},
  keywords={Manifolds;Learning systems;Degradation;Emotion recognition;Visualization;Accuracy;Face recognition;Riemannian manifold;SPD matrix;Information degradation;Riemannian residual learning;Visual classification},
  doi={10.1109/IJCNN60899.2024.10651149}}

@article{WANG2023382,
title = {U-SPDNet: An SPD manifold learning-based neural network for visual classification},
journal = {Neural Networks},
volume = {161},
pages = {382-396},
year = {2023},
issn = {0893-6080},
doi = {https://doi.org/10.1016/j.neunet.2022.11.030},
url = {https://www.sciencedirect.com/science/article/pii/S0893608022004713},
author = {Rui Wang and Xiao-Jun Wu and Tianyang Xu and Cong Hu and Josef Kittler},
keywords = {SPD manifold, Neural network, Visual classification, Skip connection, Riemannian barycenter, Riemannian optimization},
}

@article{articledimension,
author = {Peng, Zhen and Li, Hongyi and Zhao, Di and Pan, Chengwei},
year = {2023},
month = {03},
pages = {1570},
title = {Reducing the Dimensionality of SPD Matrices with Neural Networks in BCI},
volume = {11},
journal = {Mathematics},
doi = {10.3390/math11071570}
}

@unpublished{pouliquen:hal-04726325,
  TITLE = {{Schur's Positive-Definite Network: Deep Learning in the SPD cone with structure}},
  AUTHOR = {Pouliquen, Can and Massias, Mathurin and Vayer, Titouan},
  URL = {https://hal.science/hal-04726325},
  NOTE = {working paper or preprint},
  YEAR = {2024},
  MONTH = Nov,
  KEYWORDS = {Machine Learning (cs.LG) ; Machine Learning (stat.ML) ; FOS: Computer and information sciences},
  PDF = {https://hal.science/hal-04726325v1/file/paper.pdf},
  HAL_ID = {hal-04726325},
  HAL_VERSION = {v1},
}

@misc{zhao2023modelinggraphshyperbolicgraph,
      title={Modeling Graphs Beyond Hyperbolic: Graph Neural Networks in Symmetric Positive Definite Matrices}, 
      author={Wei Zhao and Federico Lopez and J. Maxwell Riestenberg and Michael Strube and Diaaeldin Taha and Steve Trettel},
      year={2023},
      eprint={2306.14064},
      archivePrefix={arXiv},
      primaryClass={cs.LG},
      url={https://arxiv.org/abs/2306.14064}, 
}

@ARTICLE{9390301,
  author={Wang, Rui and Wu, Xiao-Jun and Kittler, Josef},
  journal={IEEE Transactions on Neural Networks and Learning Systems}, 
  title={SymNet: A Simple Symmetric Positive Definite Manifold Deep Learning Method for Image Set Classification}, 
  year={2022},
  volume={33},
  number={5},
  pages={2208-2222},
  keywords={Manifolds;Kernel;Deep learning;Principal component analysis;Visualization;Covariance matrices;Videos;Deep learning;image set classification;nonsingular covariance matrix;symmetric positive definite (SPD) manifold;(2-D)Â²principal component analysis (PCA)},
  doi={10.1109/TNNLS.2020.3044176}}


@article{articlepcaaspd,
author = {Horev, Inbal and Yger, Florian and Sugiyama, Masashi},
year = {2017},
month = {04},
pages = {},
title = {Geometry-aware principal component analysis for symmetric positive definite matrices},
volume = {106},
journal = {Machine Learning},
doi = {10.1007/s10994-016-5605-5}
}

@misc{harandi2014manifoldmanifoldgeometryawaredimensionality,
      title={From Manifold to Manifold: Geometry-Aware Dimensionality Reduction for SPD Matrices}, 
      author={Mehrtash T. Harandi and Mathieu Salzmann and Richard Hartley},
      year={2014},
      eprint={1407.1120},
      archivePrefix={arXiv},
      primaryClass={cs.CV},
      url={https://arxiv.org/abs/1407.1120}, 
}